<?xml version="1.0" encoding="UTF-8"?><record xmlns="http://www.loc.gov/MARC21/slim" xmlns:cinclude="http://apache.org/cocoon/include/1.0" xmlns:zs="http://www.loc.gov/zing/srw/">
  <leader>01886cz  a2200289n  4500</leader>
  <controlfield tag="001">n  79127829 </controlfield>
  <controlfield tag="003">DLC</controlfield>
  <controlfield tag="005">20131106084130.0</controlfield>
  <controlfield tag="008">800624n| azannaabn          |a aaa      </controlfield>
  <datafield tag="010" ind1=" " ind2=" ">
    <subfield code="a">n  79127829 </subfield>
  </datafield>
  <datafield tag="035" ind1=" " ind2=" ">
    <subfield code="a">(OCoLC)oca00359355</subfield>
  </datafield>
  <datafield tag="040" ind1=" " ind2=" ">
    <subfield code="a">DLC</subfield>
    <subfield code="b">eng</subfield>
    <subfield code="e">rda</subfield>
    <subfield code="c">DLC</subfield>
    <subfield code="d">DLC</subfield>
    <subfield code="d">CtY-Mus</subfield>
    <subfield code="d">DLC</subfield>
  </datafield>
  <datafield tag="053" ind1=" " ind2="0">
    <subfield code="a">ML410.L754</subfield>
    <subfield code="c">Biography</subfield>
  </datafield>
  <datafield tag="100" ind1="1" ind2=" ">
    <subfield code="a">Li︠u︡dkevych, Stanislav,</subfield>
    <subfield code="d">1879-1979</subfield>
  </datafield>
  <datafield tag="400" ind1="1" ind2=" ">
    <subfield code="a">Li︠u︡dkevich, Stanislav Filippovich,</subfield>
    <subfield code="d">1879-1979</subfield>
  </datafield>
  <datafield tag="400" ind1="1" ind2=" ">
    <subfield code="a">Li︠u︡dkevych, S.</subfield>
    <subfield code="q">(Stanislav),</subfield>
    <subfield code="d">1879-1979</subfield>
  </datafield>
  <datafield tag="400" ind1="1" ind2=" ">
    <subfield code="a">Ljudkevyč, Stanyslav,</subfield>
    <subfield code="d">1879-1979</subfield>
  </datafield>
  <datafield tag="400" ind1="1" ind2=" ">
    <subfield code="a">Li︠u︡dkevich, Stanislav Pylypovych,</subfield>
    <subfield code="d">1879-1979</subfield>
  </datafield>
  <datafield tag="400" ind1="1" ind2=" ">
    <subfield code="w">nnaa</subfield>
    <subfield code="a">Li︠u︡dkevich, Stanislav Pylypovych,</subfield>
    <subfield code="d">1879-</subfield>
  </datafield>
  <datafield tag="400" ind1="1" ind2=" ">
    <subfield code="a">Li︠u︡dkevych, Stanyslav,</subfield>
    <subfield code="d">1879-1979</subfield>
  </datafield>
  <datafield tag="400" ind1="1" ind2=" ">
    <subfield code="a">Lyudkevych, Stanyslav,</subfield>
    <subfield code="d">1879-1979</subfield>
  </datafield>
  <datafield tag="670" ind1=" " ind2=" ">
    <subfield code="a">His Nashe more ... 1960.</subfield>
  </datafield>
  <datafield tag="670" ind1=" " ind2=" ">
    <subfield code="a">Teren-I︠U︡sʹkiv, T. Nat︠s︡ionalʹno-derz︠h︡avna motyvat︠s︡ii︠a︡ tvorchosty S. Li︠u︡dkevycha, 1984:</subfield>
    <subfield code="b">t.p. (S. Li︠u︡dkevycha)</subfield>
  </datafield>
  <datafield tag="670" ind1=" " ind2=" ">
    <subfield code="a">Ukr. rad. ent︠s︡ykl.:</subfield>
    <subfield code="b">v. 6, p. 254 (Li︠u︡dkevych Stanislav Pylypovych; b. 01-24-1879 in I︠A︡roslav, Poland; d. 09-10-1979 in Lʹviv. Ukrainian Soviet composer, music critic, folklorist, pedagogue and educator)</subfield>
  </datafield>
  <datafield tag="670" ind1=" " ind2=" ">
    <subfield code="a">Encyc. of Ukraine:</subfield>
    <subfield code="b">v. 3, p. 174 (Liudkevych, Stanyslav [Ljudkevyč]; b. 24 Jan. 1879 in Jaroslaw, d. 12 Sept. 1979 in Lviv. Composer, musicologist, folklorist and pedagogue. Educated in Poland. From 1939 he taught at the Lviv State Conservatory until 1972. Liudkevych both composed and edited works by earlier composers. He also wrote commentaries and reviews as well as compiled ethnographic collections of Galician-Ruthenian melodies)</subfield>
  </datafield>
  <datafield tag="670" ind1=" " ind2=" ">
    <subfield code="a">Doslidz︠h︡enni︠a︡, statti, ret︠s︡enziï, vystupy, 1999-2000:</subfield>
    <subfield code="b">v. 1-2, t.p. (Stanislav Li︠u︡dkevych)</subfield>
  </datafield>
  <datafield tag="670" ind1=" " ind2=" ">
    <subfield code="a">Wikipedia, Feb. 12, 2011</subfield>
    <subfield code="b">(Stanyslav Lyudkevych)</subfield>
  </datafield>
</record>